%YAML 1.1
%TAG !u! tag:unity3d.com,2011:
--- !u!29 &1
OcclusionCullingSettings:
  m_ObjectHideFlags: 0
  serializedVersion: 2
  m_OcclusionBakeSettings:
    smallestOccluder: 5
    smallestHole: 0.25
    backfaceThreshold: 100
  m_SceneGUID: 00000000000000000000000000000000
  m_OcclusionCullingData: {fileID: 0}
--- !u!104 &2
RenderSettings:
  m_ObjectHideFlags: 0
  serializedVersion: 8
  m_Fog: 0
  m_FogColor: {r: 0.5, g: 0.5, b: 0.5, a: 1}
  m_FogMode: 3
  m_FogDensity: 0.01
  m_LinearFogStart: 0
  m_LinearFogEnd: 300
  m_AmbientSkyColor: {r: 0.212, g: 0.227, b: 0.259, a: 1}
  m_AmbientEquatorColor: {r: 0.114, g: 0.125, b: 0.133, a: 1}
  m_AmbientGroundColor: {r: 0.047, g: 0.043, b: 0.035, a: 1}
  m_AmbientIntensity: 1
  m_AmbientMode: 3
  m_SubtractiveShadowColor: {r: 0.42, g: 0.478, b: 0.627, a: 1}
  m_SkyboxMaterial: {fileID: 0}
  m_HaloStrength: 0.5
  m_FlareStrength: 1
  m_FlareFadeSpeed: 3
  m_HaloTexture: {fileID: 0}
  m_SpotCookie: {fileID: 10001, guid: 0000000000000000e000000000000000, type: 0}
  m_DefaultReflectionMode: 0
  m_DefaultReflectionResolution: 128
  m_ReflectionBounces: 1
  m_ReflectionIntensity: 1
  m_CustomReflection: {fileID: 0}
  m_Sun: {fileID: 0}
  m_IndirectSpecularColor: {r: 0, g: 0, b: 0, a: 1}
--- !u!157 &3
LightmapSettings:
  m_ObjectHideFlags: 0
  serializedVersion: 9
  m_GIWorkflowMode: 1
  m_GISettings:
    serializedVersion: 2
    m_BounceScale: 1
    m_IndirectOutputScale: 1
    m_AlbedoBoost: 1
    m_TemporalCoherenceThreshold: 1
    m_EnvironmentLightingMode: 0
    m_EnableBakedLightmaps: 0
    m_EnableRealtimeLightmaps: 0
  m_LightmapEditorSettings:
    serializedVersion: 8
    m_Resolution: 2
    m_BakeResolution: 40
    m_TextureWidth: 1024
    m_TextureHeight: 1024
    m_AO: 0
    m_AOMaxDistance: 1
    m_CompAOExponent: 1
    m_CompAOExponentDirect: 0
    m_Padding: 2
    m_LightmapParameters: {fileID: 0}
    m_LightmapsBakeMode: 1
    m_TextureCompression: 1
    m_FinalGather: 0
    m_FinalGatherFiltering: 1
    m_FinalGatherRayCount: 256
    m_ReflectionCompression: 2
    m_MixedBakeMode: 3
    m_BakeBackend: 0
    m_PVRSampling: 1
    m_PVRDirectSampleCount: 32
    m_PVRSampleCount: 500
    m_PVRBounces: 2
    m_PVRFiltering: 0
    m_PVRFilteringMode: 1
    m_PVRCulling: 1
    m_PVRFilteringGaussRadiusDirect: 1
    m_PVRFilteringGaussRadiusIndirect: 5
    m_PVRFilteringGaussRadiusAO: 2
    m_PVRFilteringAtrousColorSigma: 1
    m_PVRFilteringAtrousNormalSigma: 1
    m_PVRFilteringAtrousPositionSigma: 1
  m_LightingDataAsset: {fileID: 0}
  m_ShadowMaskMode: 2
--- !u!196 &4
NavMeshSettings:
  serializedVersion: 2
  m_ObjectHideFlags: 0
  m_BuildSettings:
    serializedVersion: 2
    agentTypeID: 0
    agentRadius: 0.5
    agentHeight: 2
    agentSlope: 45
    agentClimb: 0.4
    ledgeDropHeight: 0
    maxJumpAcrossDistance: 0
    minRegionArea: 2
    manualCellSize: 0
    cellSize: 0.16666667
    manualTileSize: 0
    tileSize: 256
    accuratePlacement: 0
  m_NavMeshData: {fileID: 0}
--- !u!1 &376174284
GameObject:
  m_ObjectHideFlags: 0
  m_PrefabParentObject: {fileID: 0}
  m_PrefabInternal: {fileID: 0}
  serializedVersion: 5
  m_Component:
  - component: {fileID: 376174285}
  m_Layer: 10
  m_Name: Basic Level Structures
  m_TagString: Untagged
  m_Icon: {fileID: 0}
  m_NavMeshLayer: 0
  m_StaticEditorFlags: 0
  m_IsActive: 1
--- !u!4 &376174285
Transform:
  m_ObjectHideFlags: 0
  m_PrefabParentObject: {fileID: 0}
  m_PrefabInternal: {fileID: 0}
  m_GameObject: {fileID: 376174284}
  m_LocalRotation: {x: -0, y: -0, z: -0, w: 1}
  m_LocalPosition: {x: 0, y: 0, z: -10}
  m_LocalScale: {x: 1, y: 1, z: 1}
  m_Children:
  - {fileID: 1689930715}
  - {fileID: 1106212960}
  m_Father: {fileID: 0}
  m_RootOrder: 2
  m_LocalEulerAnglesHint: {x: 0, y: 0, z: 0}
--- !u!1001 &1106212959
Prefab:
  m_ObjectHideFlags: 0
  serializedVersion: 2
  m_Modification:
    m_TransformParent: {fileID: 376174285}
    m_Modifications:
    - target: {fileID: 4726116658336710, guid: 3e0c523b7dd705745a00636ce5d7eb28, type: 2}
      propertyPath: m_LocalPosition.x
      value: 0
      objectReference: {fileID: 0}
    - target: {fileID: 4726116658336710, guid: 3e0c523b7dd705745a00636ce5d7eb28, type: 2}
      propertyPath: m_LocalPosition.y
      value: 0.372
      objectReference: {fileID: 0}
    - target: {fileID: 4726116658336710, guid: 3e0c523b7dd705745a00636ce5d7eb28, type: 2}
      propertyPath: m_LocalPosition.z
      value: 0
      objectReference: {fileID: 0}
    - target: {fileID: 4726116658336710, guid: 3e0c523b7dd705745a00636ce5d7eb28, type: 2}
      propertyPath: m_LocalRotation.x
      value: -0
      objectReference: {fileID: 0}
    - target: {fileID: 4726116658336710, guid: 3e0c523b7dd705745a00636ce5d7eb28, type: 2}
      propertyPath: m_LocalRotation.y
      value: -0
      objectReference: {fileID: 0}
    - target: {fileID: 4726116658336710, guid: 3e0c523b7dd705745a00636ce5d7eb28, type: 2}
      propertyPath: m_LocalRotation.z
      value: -0
      objectReference: {fileID: 0}
    - target: {fileID: 4726116658336710, guid: 3e0c523b7dd705745a00636ce5d7eb28, type: 2}
      propertyPath: m_LocalRotation.w
      value: 1
      objectReference: {fileID: 0}
    - target: {fileID: 4726116658336710, guid: 3e0c523b7dd705745a00636ce5d7eb28, type: 2}
      propertyPath: m_RootOrder
      value: 1
      objectReference: {fileID: 0}
    - target: {fileID: 1843014174527052, guid: 3e0c523b7dd705745a00636ce5d7eb28, type: 2}
      propertyPath: m_Name
      value: BoxDynamic
      objectReference: {fileID: 0}
    - target: {fileID: 212729203660085200, guid: 3e0c523b7dd705745a00636ce5d7eb28,
        type: 2}
      propertyPath: m_Color.r
      value: 0.28368297
      objectReference: {fileID: 0}
    - target: {fileID: 212729203660085200, guid: 3e0c523b7dd705745a00636ce5d7eb28,
        type: 2}
      propertyPath: m_Color.g
      value: 0.3326729
      objectReference: {fileID: 0}
    - target: {fileID: 212729203660085200, guid: 3e0c523b7dd705745a00636ce5d7eb28,
        type: 2}
      propertyPath: m_Color.b
      value: 0.3897059
      objectReference: {fileID: 0}
    m_RemovedComponents: []
  m_ParentPrefab: {fileID: 100100000, guid: 3e0c523b7dd705745a00636ce5d7eb28, type: 2}
  m_IsPrefabParent: 0
--- !u!4 &1106212960 stripped
Transform:
  m_PrefabParentObject: {fileID: 4726116658336710, guid: 3e0c523b7dd705745a00636ce5d7eb28,
    type: 2}
  m_PrefabInternal: {fileID: 1106212959}
--- !u!1001 &1213027944
Prefab:
  m_ObjectHideFlags: 0
  serializedVersion: 2
  m_Modification:
    m_TransformParent: {fileID: 376174285}
    m_Modifications:
    - target: {fileID: 4726116658336710, guid: 3e0c523b7dd705745a00636ce5d7eb28, type: 2}
      propertyPath: m_LocalPosition.x
      value: 0
      objectReference: {fileID: 0}
    - target: {fileID: 4726116658336710, guid: 3e0c523b7dd705745a00636ce5d7eb28, type: 2}
      propertyPath: m_LocalPosition.y
      value: 0
      objectReference: {fileID: 0}
    - target: {fileID: 4726116658336710, guid: 3e0c523b7dd705745a00636ce5d7eb28, type: 2}
      propertyPath: m_LocalPosition.z
      value: 0
      objectReference: {fileID: 0}
    - target: {fileID: 4726116658336710, guid: 3e0c523b7dd705745a00636ce5d7eb28, type: 2}
      propertyPath: m_LocalRotation.x
      value: -0
      objectReference: {fileID: 0}
    - target: {fileID: 4726116658336710, guid: 3e0c523b7dd705745a00636ce5d7eb28, type: 2}
      propertyPath: m_LocalRotation.y
      value: -0
      objectReference: {fileID: 0}
    - target: {fileID: 4726116658336710, guid: 3e0c523b7dd705745a00636ce5d7eb28, type: 2}
      propertyPath: m_LocalRotation.z
      value: -0
      objectReference: {fileID: 0}
    - target: {fileID: 4726116658336710, guid: 3e0c523b7dd705745a00636ce5d7eb28, type: 2}
      propertyPath: m_LocalRotation.w
      value: 1
      objectReference: {fileID: 0}
    - target: {fileID: 4726116658336710, guid: 3e0c523b7dd705745a00636ce5d7eb28, type: 2}
      propertyPath: m_RootOrder
      value: 0
      objectReference: {fileID: 0}
    - target: {fileID: 1843014174527052, guid: 3e0c523b7dd705745a00636ce5d7eb28, type: 2}
      propertyPath: m_Name
      value: Box_Static
      objectReference: {fileID: 0}
    m_RemovedComponents: []
  m_ParentPrefab: {fileID: 100100000, guid: 3e0c523b7dd705745a00636ce5d7eb28, type: 2}
  m_IsPrefabParent: 0
--- !u!1 &1373888317
GameObject:
  m_ObjectHideFlags: 0
  m_PrefabParentObject: {fileID: 0}
  m_PrefabInternal: {fileID: 0}
  serializedVersion: 5
  m_Component:
  - component: {fileID: 1373888322}
  - component: {fileID: 1373888321}
  - component: {fileID: 1373888320}
  - component: {fileID: 1373888319}
  - component: {fileID: 1373888318}
  m_Layer: 0
  m_Name: Main Camera
  m_TagString: MainCamera
  m_Icon: {fileID: 0}
  m_NavMeshLayer: 0
  m_StaticEditorFlags: 0
  m_IsActive: 1
--- !u!81 &1373888318
AudioListener:
  m_ObjectHideFlags: 0
  m_PrefabParentObject: {fileID: 0}
  m_PrefabInternal: {fileID: 0}
  m_GameObject: {fileID: 1373888317}
  m_Enabled: 1
--- !u!124 &1373888319
Behaviour:
  m_ObjectHideFlags: 0
  m_PrefabParentObject: {fileID: 0}
  m_PrefabInternal: {fileID: 0}
  m_GameObject: {fileID: 1373888317}
  m_Enabled: 1
--- !u!92 &1373888320
Behaviour:
  m_ObjectHideFlags: 0
  m_PrefabParentObject: {fileID: 0}
  m_PrefabInternal: {fileID: 0}
  m_GameObject: {fileID: 1373888317}
  m_Enabled: 1
--- !u!20 &1373888321
Camera:
  m_ObjectHideFlags: 0
  m_PrefabParentObject: {fileID: 0}
  m_PrefabInternal: {fileID: 0}
  m_GameObject: {fileID: 1373888317}
  m_Enabled: 1
  serializedVersion: 2
  m_ClearFlags: 1
  m_BackGroundColor: {r: 0.19215687, g: 0.3019608, b: 0.4745098, a: 0}
  m_NormalizedViewPortRect:
    serializedVersion: 2
    x: 0
    y: 0
    width: 1
    height: 1
  near clip plane: 0.3
  far clip plane: 1000
  field of view: 60
  orthographic: 1
  orthographic size: 2
  m_Depth: -1
  m_CullingMask:
    serializedVersion: 2
    m_Bits: 4294967295
  m_RenderingPath: -1
  m_TargetTexture: {fileID: 0}
  m_TargetDisplay: 0
  m_TargetEye: 3
  m_HDR: 1
  m_AllowMSAA: 1
  m_ForceIntoRT: 0
  m_OcclusionCulling: 1
  m_StereoConvergence: 10
  m_StereoSeparation: 0.022
  m_StereoMirrorMode: 0
--- !u!4 &1373888322
Transform:
  m_ObjectHideFlags: 0
  m_PrefabParentObject: {fileID: 0}
  m_PrefabInternal: {fileID: 0}
  m_GameObject: {fileID: 1373888317}
  m_LocalRotation: {x: 0, y: 0, z: 0, w: 1}
  m_LocalPosition: {x: 0, y: 0, z: -10}
  m_LocalScale: {x: 1, y: 1, z: 1}
  m_Children: []
  m_Father: {fileID: 0}
  m_RootOrder: 0
  m_LocalEulerAnglesHint: {x: 0, y: 0, z: 0}
--- !u!4 &1689930715 stripped
Transform:
  m_PrefabParentObject: {fileID: 4726116658336710, guid: 3e0c523b7dd705745a00636ce5d7eb28,
    type: 2}
  m_PrefabInternal: {fileID: 1213027944}
--- !u!1001 &2121777398
Prefab:
  m_ObjectHideFlags: 0
  serializedVersion: 2
  m_Modification:
    m_TransformParent: {fileID: 0}
    m_Modifications:
    - target: {fileID: 4212781433562694, guid: 4efd3bcd5cd9232498dd8da69c5aa6b6, type: 2}
      propertyPath: m_LocalPosition.x
      value: -1.022
      objectReference: {fileID: 0}
    - target: {fileID: 4212781433562694, guid: 4efd3bcd5cd9232498dd8da69c5aa6b6, type: 2}
      propertyPath: m_LocalPosition.y
      value: 1.145
      objectReference: {fileID: 0}
    - target: {fileID: 4212781433562694, guid: 4efd3bcd5cd9232498dd8da69c5aa6b6, type: 2}
      propertyPath: m_LocalPosition.z
      value: 0
      objectReference: {fileID: 0}
    - target: {fileID: 4212781433562694, guid: 4efd3bcd5cd9232498dd8da69c5aa6b6, type: 2}
      propertyPath: m_LocalRotation.x
      value: -0
      objectReference: {fileID: 0}
    - target: {fileID: 4212781433562694, guid: 4efd3bcd5cd9232498dd8da69c5aa6b6, type: 2}
      propertyPath: m_LocalRotation.y
      value: -0
      objectReference: {fileID: 0}
    - target: {fileID: 4212781433562694, guid: 4efd3bcd5cd9232498dd8da69c5aa6b6, type: 2}
      propertyPath: m_LocalRotation.z
      value: 0.03413005
      objectReference: {fileID: 0}
    - target: {fileID: 4212781433562694, guid: 4efd3bcd5cd9232498dd8da69c5aa6b6, type: 2}
      propertyPath: m_LocalRotation.w
      value: 0.9994174
      objectReference: {fileID: 0}
    - target: {fileID: 4212781433562694, guid: 4efd3bcd5cd9232498dd8da69c5aa6b6, type: 2}
      propertyPath: m_RootOrder
      value: 1
      objectReference: {fileID: 0}
    m_RemovedComponents: []
  m_ParentPrefab: {fileID: 100100000, guid: 4efd3bcd5cd9232498dd8da69c5aa6b6, type: 2}
  m_IsPrefabParent: 0
